@article{hayes2012sdss,
  title={The SDSS DR7 galaxy angular power spectrum: volume limits and galaxy morphology},
  author={Hayes, Brett and Brunner, Robert},
  journal={Monthly Notices of the Royal Astronomical Society},
  pages={sts290},
  year={2012},
  publisher={Oxford University Press}
}